@InProceedings{10.1007/978-3-540-30477-7_21,
author="Neergaard, Peter M{\o}ller",
editor="Chin, Wei-Ngan",
title="A Functional Language for Logarithmic Space",
booktitle="Programming Languages and Systems",
year="2004",
publisher="Springer Berlin Heidelberg",
address="Berlin, Heidelberg",
pages="311--326",
abstract="More than being just a tool for expressing algorithms, a well-designed programming language allows the user to express her ideas efficiently. The design choices however effect the efficiency of the algorithms written in the languages. It is therefore important to understand how such choices effect the expressibility of programming languages.",
isbn="978-3-540-30477-7",
url="https://doi.org/10.1007/978-3-540-30477-7_21"
}


