@proceedings{DBLP:conf/lcc/1994,
  editor       = {Daniel Leivant},
  title        = {Logical and Computational Complexity. Selected Papers. Logic and Computational
                  Complexity, International Workshop {LCC} '94, Indianapolis, Indiana,
                  USA, 13-16 October 1994},
  series       = {Lecture Notes in Computer Science},
  volume       = {960},
  publisher    = {Springer},
  year         = {1995},
  url          = {https://doi.org/10.1007/3-540-60178-3},
  doi          = {10.1007/3-540-60178-3},
  isbn         = {3-540-60178-3},
  timestamp    = {Tue, 14 May 2019 10:00:54 +0200},
  biburl       = {https://dblp.org/rec/conf/lcc/1994.bib},
  bibsource    = {dblp computer science bibliography, https://dblp.org}
}

@misc{pak2018complexity,
      title={Complexity problems in enumerative combinatorics},
      author={Igor Pak},
      year={2018},
      eprint={1803.06636},
      archivePrefix={arXiv},
      primaryClass={math.CO}
}
